@STRING{aje	= {American Journal of Epidemiology} }

@TechReport{	  ecke:peng:2006,
  author	= {Sandrah P. Eckel and Roger D. Peng},
  title		= {Interacting with local and remote data repositories using
		  the {stashR} package for {R}},
  institution	= {Johns Hopkins University Department of Biostatistics},
  year		= {2006},
  number	= {127},
  note		= {{http://www.bepress.com/jhubiostat/paper127}}
}

@Article{	  peng:domi:past:zege:same:2005au,
  author	= {Roger D. Peng and Francesca Dominici and Roberto
		  Pastor-Barriuso and Scott L. Zeger and Jonathan M. Samet},
  title		= {Seasonal Analyses of Air Pollution and Mortality in 100
		  {US} Cities},
  journal	= aje,
  year		= {2005},
  volume	= {161},
  pages		= {585--594}
}
